


@misc{konrad,
  author = {Keith Conrad},
  title = {Simultaneous commutativity of operators},
  howpublished = "\url{https://kconrad.math.uconn.edu/blurbs/linmultialg/simulcomm.pdf}"
}

@book{hindry2013diophantine,
  title={Diophantine geometry: an introduction},
  author={Hindry, Marc and Silverman, Joseph H},
  volume={201},
  year={2013},
  publisher={Springer Science \& Business Media}
}

@misc{milneiAG,
author={Milne, James S.},
title={Algebraic Groups (v2.00)},
year={2015},
note={Available at www.jmilne.org/math/},

}
@incollection{springer1994linear,
  title={Linear algebraic groups},
  author={Springer, Tonny Albert},
  booktitle={Algebraic geometry IV},
  year={1994},
  publisher={Springer}
}


@misc{AGMIT,
author={MITOpenCourseWare},
title={Introduction to Arithmetic Geometry},
year={2015},
note={Available at https://ocw.mit.edu/courses/mathematics/18-782-introduction-to-arithmetic-geometry-fall-2013/lecture-notes/MIT18_782F13_lec16.pdf},

}

@book{LiuQing2002algebraic,
  title={Algebraic geometry and arithmetic curves},
  author={LiuQing and others},
  volume={6},
  year={2002},
  publisher={Oxford University Press on Demand}
}

@book{humphreys2012linear,
  title={Linear algebraic groups},
  author={Humphreys, James E},
  volume={21},
  year={2012},
  publisher={Springer Science \& Business Media}
}